<?xml version="1.0" encoding="UTF-8"?><record xmlns="http://www.loc.gov/MARC21/slim" xmlns:cinclude="http://apache.org/cocoon/include/1.0" xmlns:zs="http://www.loc.gov/zing/srw/">
  <leader>00532nz  a2200145n  4500</leader>
  <controlfield tag="001">no2010074267</controlfield>
  <controlfield tag="003">DLC</controlfield>
  <controlfield tag="005">20100506075524.0</controlfield>
  <controlfield tag="008">100504n| acannaabn          |n aaa     c</controlfield>
  <datafield tag="010" ind1=" " ind2=" ">
    <subfield code="a">no2010074267</subfield>
  </datafield>
  <datafield tag="035" ind1=" " ind2=" ">
    <subfield code="a">(OCoLC)oca08483457</subfield>
  </datafield>
  <datafield tag="040" ind1=" " ind2=" ">
    <subfield code="a">PPiNPL</subfield>
    <subfield code="b">eng</subfield>
    <subfield code="c">PPiNPL</subfield>
  </datafield>
  <datafield tag="100" ind1="1" ind2=" ">
    <subfield code="a">Duguid, Peter,</subfield>
    <subfield code="d">1923-2009</subfield>
  </datafield>
  <datafield tag="670" ind1=" " ind2=" ">
    <subfield code="a">The rivals of Sherlock Holmes. Set 2, 2010:</subfield>
    <subfield code="b">title frame (Peter Duguid)</subfield>
  </datafield>
  <datafield tag="670" ind1=" " ind2=" ">
    <subfield code="a">IMDb, Apr. 13, 2010:</subfield>
    <subfield code="b">(Duguid, Peter; tv director, producer, actor, b. Feb. 27, 1923, Felling, Durham, England; d. Mar. 3, 2009, London)</subfield>
  </datafield>
</record>